@misc{heise-rust,
author = {},
title = {Rust: Programmiersprache für Browser, Cloud und mehr | heise online},
howpublished = {\url{https://www.heise.de/ratgeber/Rust-Programmiersprache-fuer-Browser-Cloud-und-mehr-4802076.html}},
month = {},
year = {},
note = {(Accessed on 11/19/2020)}
}

@misc{microsoft-memory-safety-issues,
author = {},
title = {Microsoft: 70 percent of all security bugs are memory safety issues | ZDNet},
howpublished = {\url{https://www.zdnet.com/article/microsoft-70-percent-of-all-security-bugs-are-memory-safety-issues/}},
month = {},
year = {},
note = {(Accessed on 11/19/2020)}
}

@misc{mozilla-memory-safety-issues,
author = {},
title = {Implications of Rewriting a Browser Component in Rust - Mozilla Hacks - the Web developer blog},
howpublished = {\url{https://hacks.mozilla.org/2019/02/rewriting-a-browser-component-in-rust/}},
month = {},
year = {},
note = {(Accessed on 11/19/2020)}
}

@misc{unsafe-rust,
author = {},
title = {Unsicheres (unsafe) Rust - Die Programmiersprache Rust},
howpublished = {\url{https://rust-lang-de.github.io/rustbook-de/ch19-01-unsafe-rust.html}},
month = {},
year = {},
note = {(Accessed on 11/20/2020)}
}

@misc{stack-overflow-rust-most-loved,
author = {},
title = {Stack Overflow Developer Survey 2020},
howpublished = {\url{https://insights.stackoverflow.com/survey/2020#technology-most-loved-dreaded-and-wanted-web-frameworks-wanted2}},
month = {},
year = {},
note = {(Accessed on 11/20/2020)}
}

@misc{why-rust-so-loved,
author = {},
title = {Why the developers who use Rust love it so much - Stack Overflow Blog},
howpublished = {\url{https://stackoverflow.blog/2020/06/05/why-the-developers-who-use-rust-love-it-so-much/}},
month = {},
year = {},
note = {(Accessed on 11/20/2020)}
}

@misc{rust-language-doubles-down-speed,
author = {},
title = {Mozillas Rust-Sprache verdoppelt sich in Bezug auf Geschwindigkeit und Einfachheit},
howpublished = {\url{https://ger.small-business-tracker.com/mozillas-rust-language-doubles-down-speed-744205}},
month = {},
year = {},
note = {(Accessed on 11/20/2020)}
}


@misc{so-rust-loved,
  author       = {},
  title        = {Stack Overflow Developer Survey 2019},
  howpublished = {\url{https://insights.stackoverflow.com/survey/2019}},
  month        = {},
  year         = {},
  note         = {(Accessed on 11/19/2020)}
}
@misc{rustup,
  author       = {},
  title        = {rustup.rs - The Rust toolchain installer},
  howpublished = {\url{https://rustup.rs/}},
  month        = {},
  year         = {},
  note         = {(Accessed on 11/19/2020)}
}
@misc{cratesio,
  author       = {},
  title        = {crates.io: Rust Package Registry},
  howpublished = {\url{https://crates.io/}},
  month        = {},
  year         = {},
  note         = {(Accessed on 11/19/2020)}
}
@misc{docsrs,
  author       = {},
  title        = {Docs.rs},
  howpublished = {\url{https://docs.rs/}},
  month        = {},
  year         = {},
  note         = {(Accessed on 11/19/2020)}
}
@misc{rust-discord,
  author       = {},
  title        = {The Rust Programming Language},
  howpublished = {\url{https://discord.com/invite/rust-lang}},
  month        = {},
  year         = {},
  note         = {(Accessed on 11/19/2020)}
}
@misc{rust-user-forum,
  author       = {},
  title        = {The Rust Programming Language Forum},
  howpublished = {\url{https://users.rust-lang.org/}},
  month        = {},
  year         = {},
  note         = {(Accessed on 11/19/2020)}
}
@misc{rust-subreddit,
  author       = {},
  title        = {The Rust Programming Language},
  howpublished = {\url{https://www.reddit.com/r/rust/}},
  month        = {},
  year         = {},
  note         = {(Accessed on 11/19/2020)}
}
@misc{rust-whitepaper-npm,
  author       = {},
  title        = {Rust npm Whitepaper},
  howpublished = {\url{https://www.rust-lang.org/static/pdfs/Rust-npm-Whitepaper.pdf}},
  month        = {},
  year         = {},
  note         = {(Accessed on 11/19/2020)}
}
@misc{rust-wiki,
  author       = {},
  title        = {Rust (Programmiersprache) – Wikipedia},
  howpublished = {\url{https://de.wikipedia.org/wiki/Rust_(Programmiersprache)}},
  month        = {},
  year         = {},
  note         = {(Accessed on 11/19/2020)}
}
@misc{rust-by-example,
  author = {},
  title = {Introduction - Rust By Example},
  howpublished = {\url{https://doc.rust-lang.org/rust-by-example/}},
  month = {},
  year = {},
  note = {(Accessed on 11/19/2020)}
}
@misc{rust-the-book,
  author = {},
  title = {The Rust Programming Language - The Rust Programming Language},
  howpublished = {\url{https://doc.rust-lang.org/book/}},
  month = {},
  year = {},
  note = {(Accessed on 11/19/2020)}
}
@misc{rust-nomicon,
  author = {},
  title = {Introduction - The Rustonomicon},
  howpublished = {\url{https://doc.rust-lang.org/stable/nomicon/}},
  month = {},
  year = {},
  note = {(Accessed on 11/19/2020)}
}
@misc{rust-ownership,
author = {},
title = {Rust: What is Ownership and Borrowing? - YouTube},
howpublished = {\url{https://www.youtube.com/watch?v=79phqVpE7cU}},
month = {},
year = {},
note = {(Accessed on 11/19/2020)}
}